@Book{kopka04,
  author    = {Kopka, Helmut and Daly, Patrick W.},
  title     = {Guide to \LaTeX},
  publisher = {Addison-Wesley},
  year      = {2004},
  edition   = {4},
}

@Book{goossens04,
  author =    {Mittelbach, Frank and Goossens, Michel},
  title =     {The \LaTeX{} Companion},
  publisher = {Addison-Wesley},
  year =      {2004},
  edition =   {2},
}

@Online{latexwiki,
  title =     {\LaTeX},
  url = "https://en.wikibooks.org/wiki/LaTeX",
  urldate = {2021-07-01},
}

@Article{hmc,
  author =       "Duane, Simon and Kennedy, A.D. and Pendleton, B. and Roweth,  Duncan",
  title =        "Hybrid Monte Carlo",
  journal =      "Phys. Lett. B",
  volume =       195,
  year =         1987,
  pages =        216
}

@Article{hmccm,
  author =       "Mehlig, B. and  Heermann, D.W. and Forrest, B.M.",
  title =        "Hybrid Monte Carlo method for condensed matter systems",
  journal =      "Phys. Rev. Lett. B",
  volume =       45,
  year =         1992,
  pages =        679
}

@Article{mhexpl,
  author =       "Robert, C.P.",
  title =        "The Metropolis-Hastings algorithm",
  year =         2016,
  eprint =       "1504.01896v3",
  eprinttype =   "arxiv"
}

@Article{mhog,
  author =       "Metropolis, Nicholas and Rosenbluth, Arianna W. and Rosenbluth, Marshall N. and Teller, Augusta H.",
  title =        "Equation of State Calculations by Fast Computing Machines",
  journal =      "J. Chem. Phys.",
  volume =       21,
  year =         1953,
  pages =        1087
}

@Article{fgmresart,
  author =       "Saad, Youcef",
  title =        "A Flexible Inner-Outer Preconditioned GMRES Algorithm",
  journal =      "J. Sci. Comput.",
  volume =       14,
  year =         1993,
  pages =        461
}

@Book{cgbook,
  author    = "Saad, Youcef",
  title     = "Iterative Methods For Sparse Linear Systems",
  publisher = "Society for Industrial and Applied Mathematics",
  year      = 2003,
  edition   = 2,
}

@Inproceedings{intromarkov,
  author    = "Chan, Ka and Lenard, C. and Mills, Terence",
  title     = "An Introduction to Markov Chains",
  year      = 2012,
  doi       = {10.13140/2.1.1833.8248},
}